@article{risk,
	title={Models of perceived cycling risk and route acceptability},
	author={Parkin, John and Wardman, Mark and Page, Matthew},
	journal={Accident Analysis and Prevention},
	volume={39},
	number={2},
	pages={364--371},
	year={2007},
	publisher={Elsevier}
}

@misc{traffic,
	title={Measuring the impact of the lockdown on Irish traffic},
	author={OBaoighill, Eoin and Claffey, Mike},
	year={2020},
	month={April},
	publisher={Milliman Group},
	address={Ireland},
	url={https://us.milliman.com/-/media/milliman/pdfs/articles/impact-of-the-lockdown-on-traffic.ashx}
}